%YAML 1.1
%TAG !u! tag:unity3d.com,2011:
--- !u!1 &3805046615757325452
GameObject:
  m_ObjectHideFlags: 0
  m_CorrespondingSourceObject: {fileID: 0}
  m_PrefabInstance: {fileID: 0}
  m_PrefabAsset: {fileID: 0}
  serializedVersion: 6
  m_Component:
  - component: {fileID: 8573383670665280445}
  - component: {fileID: 3985234080966506584}
  m_Layer: 0
  m_Name: Items
  m_TagString: Items
  m_Icon: {fileID: 0}
  m_NavMeshLayer: 0
  m_StaticEditorFlags: 0
  m_IsActive: 1
--- !u!4 &8573383670665280445
Transform:
  m_ObjectHideFlags: 0
  m_CorrespondingSourceObject: {fileID: 0}
  m_PrefabInstance: {fileID: 0}
  m_PrefabAsset: {fileID: 0}
  m_GameObject: {fileID: 3805046615757325452}
  m_LocalRotation: {x: 0, y: 0, z: 0, w: 1}
  m_LocalPosition: {x: -182.1404, y: -24.785145, z: 199.49191}
  m_LocalScale: {x: 1, y: 1, z: 1}
  m_Children:
  - {fileID: 8750650574160805006}
  - {fileID: 8933980186338766125}
  - {fileID: 7726299527076360710}
  m_Father: {fileID: 0}
  m_RootOrder: 0
  m_LocalEulerAnglesHint: {x: 0, y: 0, z: 0}
--- !u!114 &3985234080966506584
MonoBehaviour:
  m_ObjectHideFlags: 0
  m_CorrespondingSourceObject: {fileID: 0}
  m_PrefabInstance: {fileID: 0}
  m_PrefabAsset: {fileID: 0}
  m_GameObject: {fileID: 3805046615757325452}
  m_Enabled: 1
  m_EditorHideFlags: 0
  m_Script: {fileID: 11500000, guid: 137564ffe0f27544c8bbcdbf9dc22a47, type: 3}
  m_Name: 
  m_EditorClassIdentifier: 
--- !u!1001 &1840349887211999964
PrefabInstance:
  m_ObjectHideFlags: 0
  serializedVersion: 2
  m_Modification:
    m_TransformParent: {fileID: 8573383670665280445}
    m_Modifications:
    - target: {fileID: 4965273409425691337, guid: 4a422931c52122d448279971351401d1,
        type: 3}
      propertyPath: m_Name
      value: Escudo
      objectReference: {fileID: 0}
    - target: {fileID: 8265064104223580378, guid: 4a422931c52122d448279971351401d1,
        type: 3}
      propertyPath: m_LocalPosition.x
      value: 106.7021
      objectReference: {fileID: 0}
    - target: {fileID: 8265064104223580378, guid: 4a422931c52122d448279971351401d1,
        type: 3}
      propertyPath: m_LocalPosition.y
      value: 71.35247
      objectReference: {fileID: 0}
    - target: {fileID: 8265064104223580378, guid: 4a422931c52122d448279971351401d1,
        type: 3}
      propertyPath: m_LocalPosition.z
      value: 116.84183
      objectReference: {fileID: 0}
    - target: {fileID: 8265064104223580378, guid: 4a422931c52122d448279971351401d1,
        type: 3}
      propertyPath: m_LocalRotation.x
      value: -0
      objectReference: {fileID: 0}
    - target: {fileID: 8265064104223580378, guid: 4a422931c52122d448279971351401d1,
        type: 3}
      propertyPath: m_LocalRotation.y
      value: -0
      objectReference: {fileID: 0}
    - target: {fileID: 8265064104223580378, guid: 4a422931c52122d448279971351401d1,
        type: 3}
      propertyPath: m_LocalRotation.z
      value: -0
      objectReference: {fileID: 0}
    - target: {fileID: 8265064104223580378, guid: 4a422931c52122d448279971351401d1,
        type: 3}
      propertyPath: m_LocalRotation.w
      value: 1
      objectReference: {fileID: 0}
    - target: {fileID: 8265064104223580378, guid: 4a422931c52122d448279971351401d1,
        type: 3}
      propertyPath: m_RootOrder
      value: 2
      objectReference: {fileID: 0}
    - target: {fileID: 8265064104223580378, guid: 4a422931c52122d448279971351401d1,
        type: 3}
      propertyPath: m_LocalEulerAnglesHint.x
      value: 0
      objectReference: {fileID: 0}
    - target: {fileID: 8265064104223580378, guid: 4a422931c52122d448279971351401d1,
        type: 3}
      propertyPath: m_LocalEulerAnglesHint.y
      value: 0
      objectReference: {fileID: 0}
    - target: {fileID: 8265064104223580378, guid: 4a422931c52122d448279971351401d1,
        type: 3}
      propertyPath: m_LocalEulerAnglesHint.z
      value: 0
      objectReference: {fileID: 0}
    m_RemovedComponents: []
  m_SourcePrefab: {fileID: 100100000, guid: 4a422931c52122d448279971351401d1, type: 3}
--- !u!4 &7726299527076360710 stripped
Transform:
  m_CorrespondingSourceObject: {fileID: 8265064104223580378, guid: 4a422931c52122d448279971351401d1,
    type: 3}
  m_PrefabInstance: {fileID: 1840349887211999964}
  m_PrefabAsset: {fileID: 0}
--- !u!1001 &2242020036013048729
PrefabInstance:
  m_ObjectHideFlags: 0
  serializedVersion: 2
  m_Modification:
    m_TransformParent: {fileID: 8573383670665280445}
    m_Modifications:
    - target: {fileID: 5779973015163309316, guid: 140b9a16ae59c3b4a932faf2b218c525,
        type: 3}
      propertyPath: m_Name
      value: Aceite
      objectReference: {fileID: 0}
    - target: {fileID: 7380783021281115927, guid: 140b9a16ae59c3b4a932faf2b218c525,
        type: 3}
      propertyPath: m_LocalPosition.x
      value: -98.765274
      objectReference: {fileID: 0}
    - target: {fileID: 7380783021281115927, guid: 140b9a16ae59c3b4a932faf2b218c525,
        type: 3}
      propertyPath: m_LocalPosition.y
      value: 61.824093
      objectReference: {fileID: 0}
    - target: {fileID: 7380783021281115927, guid: 140b9a16ae59c3b4a932faf2b218c525,
        type: 3}
      propertyPath: m_LocalPosition.z
      value: 407.7137
      objectReference: {fileID: 0}
    - target: {fileID: 7380783021281115927, guid: 140b9a16ae59c3b4a932faf2b218c525,
        type: 3}
      propertyPath: m_LocalRotation.x
      value: -0
      objectReference: {fileID: 0}
    - target: {fileID: 7380783021281115927, guid: 140b9a16ae59c3b4a932faf2b218c525,
        type: 3}
      propertyPath: m_LocalRotation.y
      value: -0
      objectReference: {fileID: 0}
    - target: {fileID: 7380783021281115927, guid: 140b9a16ae59c3b4a932faf2b218c525,
        type: 3}
      propertyPath: m_LocalRotation.z
      value: -0
      objectReference: {fileID: 0}
    - target: {fileID: 7380783021281115927, guid: 140b9a16ae59c3b4a932faf2b218c525,
        type: 3}
      propertyPath: m_LocalRotation.w
      value: 1
      objectReference: {fileID: 0}
    - target: {fileID: 7380783021281115927, guid: 140b9a16ae59c3b4a932faf2b218c525,
        type: 3}
      propertyPath: m_RootOrder
      value: 0
      objectReference: {fileID: 0}
    - target: {fileID: 7380783021281115927, guid: 140b9a16ae59c3b4a932faf2b218c525,
        type: 3}
      propertyPath: m_LocalEulerAnglesHint.x
      value: 0
      objectReference: {fileID: 0}
    - target: {fileID: 7380783021281115927, guid: 140b9a16ae59c3b4a932faf2b218c525,
        type: 3}
      propertyPath: m_LocalEulerAnglesHint.y
      value: 0
      objectReference: {fileID: 0}
    - target: {fileID: 7380783021281115927, guid: 140b9a16ae59c3b4a932faf2b218c525,
        type: 3}
      propertyPath: m_LocalEulerAnglesHint.z
      value: 0
      objectReference: {fileID: 0}
    - target: {fileID: 7380783021281115927, guid: 140b9a16ae59c3b4a932faf2b218c525,
        type: 3}
      propertyPath: m_LocalScale.x
      value: 0.3
      objectReference: {fileID: 0}
    - target: {fileID: 7380783021281115927, guid: 140b9a16ae59c3b4a932faf2b218c525,
        type: 3}
      propertyPath: m_LocalScale.y
      value: 0.3
      objectReference: {fileID: 0}
    - target: {fileID: 7380783021281115927, guid: 140b9a16ae59c3b4a932faf2b218c525,
        type: 3}
      propertyPath: m_LocalScale.z
      value: 0.3
      objectReference: {fileID: 0}
    m_RemovedComponents: []
  m_SourcePrefab: {fileID: 100100000, guid: 140b9a16ae59c3b4a932faf2b218c525, type: 3}
--- !u!4 &8750650574160805006 stripped
Transform:
  m_CorrespondingSourceObject: {fileID: 7380783021281115927, guid: 140b9a16ae59c3b4a932faf2b218c525,
    type: 3}
  m_PrefabInstance: {fileID: 2242020036013048729}
  m_PrefabAsset: {fileID: 0}
--- !u!1001 &3800706011930760831
PrefabInstance:
  m_ObjectHideFlags: 0
  serializedVersion: 2
  m_Modification:
    m_TransformParent: {fileID: 8573383670665280445}
    m_Modifications:
    - target: {fileID: 8727509364591315265, guid: 170158ae1fcaa7b48b7375047fc5eb2d,
        type: 3}
      propertyPath: m_Name
      value: Flecha
      objectReference: {fileID: 0}
    - target: {fileID: 5711987500181535570, guid: 170158ae1fcaa7b48b7375047fc5eb2d,
        type: 3}
      propertyPath: m_LocalPosition.x
      value: -77.3
      objectReference: {fileID: 0}
    - target: {fileID: 5711987500181535570, guid: 170158ae1fcaa7b48b7375047fc5eb2d,
        type: 3}
      propertyPath: m_LocalPosition.y
      value: 47.95
      objectReference: {fileID: 0}
    - target: {fileID: 5711987500181535570, guid: 170158ae1fcaa7b48b7375047fc5eb2d,
        type: 3}
      propertyPath: m_LocalPosition.z
      value: 310.56
      objectReference: {fileID: 0}
    - target: {fileID: 5711987500181535570, guid: 170158ae1fcaa7b48b7375047fc5eb2d,
        type: 3}
      propertyPath: m_LocalRotation.x
      value: 0
      objectReference: {fileID: 0}
    - target: {fileID: 5711987500181535570, guid: 170158ae1fcaa7b48b7375047fc5eb2d,
        type: 3}
      propertyPath: m_LocalRotation.y
      value: -0
      objectReference: {fileID: 0}
    - target: {fileID: 5711987500181535570, guid: 170158ae1fcaa7b48b7375047fc5eb2d,
        type: 3}
      propertyPath: m_LocalRotation.z
      value: -0
      objectReference: {fileID: 0}
    - target: {fileID: 5711987500181535570, guid: 170158ae1fcaa7b48b7375047fc5eb2d,
        type: 3}
      propertyPath: m_LocalRotation.w
      value: 1
      objectReference: {fileID: 0}
    - target: {fileID: 5711987500181535570, guid: 170158ae1fcaa7b48b7375047fc5eb2d,
        type: 3}
      propertyPath: m_RootOrder
      value: 1
      objectReference: {fileID: 0}
    - target: {fileID: 5711987500181535570, guid: 170158ae1fcaa7b48b7375047fc5eb2d,
        type: 3}
      propertyPath: m_LocalEulerAnglesHint.x
      value: 0
      objectReference: {fileID: 0}
    - target: {fileID: 5711987500181535570, guid: 170158ae1fcaa7b48b7375047fc5eb2d,
        type: 3}
      propertyPath: m_LocalEulerAnglesHint.y
      value: 0
      objectReference: {fileID: 0}
    - target: {fileID: 5711987500181535570, guid: 170158ae1fcaa7b48b7375047fc5eb2d,
        type: 3}
      propertyPath: m_LocalEulerAnglesHint.z
      value: 0
      objectReference: {fileID: 0}
    m_RemovedComponents: []
  m_SourcePrefab: {fileID: 100100000, guid: 170158ae1fcaa7b48b7375047fc5eb2d, type: 3}
--- !u!4 &8933980186338766125 stripped
Transform:
  m_CorrespondingSourceObject: {fileID: 5711987500181535570, guid: 170158ae1fcaa7b48b7375047fc5eb2d,
    type: 3}
  m_PrefabInstance: {fileID: 3800706011930760831}
  m_PrefabAsset: {fileID: 0}
